---
---

@article{Arbel:2018,
  is_code={True},
  abbr={AISTATS},
  code_abbr={KCEF},
  tag={Kernel Methods},
  description={An algorithm for conditional density estimation using Kernel Exponential Families.},
  bibtex_show={true},
  author  = {Arbel, Michael and Gretton, Arthur},
  title   = {Kernel Conditional Exponential Family},
  journal = {Proceedings of the 21th International Conference on Artificial Intelligence and Statistics},
  year    = {2018},
  arxiv={1711.05363},
  code={https://github.com/MichaelArbel/KCEF},
  poster={poster_KCEF.pdf},
  img={KCEF.png},
      }

@article{Sutherland:2018,
  is_code={True},
  abbr={AISTATS},
  code_abbr={Kernel-ExpFam},
  tag={Kernel Methods},
  description={An efficient algorithm for density estimation.},
  bibtex_show={true},
  author  = {Sutherland, Danica J.* and Strathmann, Heiko* and Arbel, Michael  and Gretton, Arthur},
  title   = {Efficient and principled score estimation with Nystrom kernel exponential families},
  journal = {Proceedings of the 21th International Conference on Artificial Intelligence and Statistics},
  year    = {2018},
  arxiv={1705.08360},
  code={https://github.com/karlnapf/nystrom-kexpfam},
  poster={poster_ExpFam.pdf},
  img={KExpFam.png},
      }

@article{Binkowski:2018,
  is_code={True},
  abbr={ICLR},
  code_abbr={MMD-GAN},
  tag={Generative Modeling},
  description={A Maximum Mean Discrepancy loss for Generative Adversarial Networks.},
  bibtex_show={true},
  author  = {Bińkowski, Mikołaj* and Sutherland, Danica J.* and Arbel, Michael and Gretton, Arthur},
  title   = {Demystifying {MMD} {GAN}s},
  journal = {International Conference on Learning Representations},
  year    = {2018},
  arxiv={1801.01401},
  code={https://github.com/mbinkowski/MMD-GAN},
  poster={poster_MMD_GAN.pdf},
  img={MMD-GAN.png},
      }

@article{Arbel:2018a,
  is_code={True},
  abbr={NeurIPS},
  tag={Generative Modeling},
  selected={true},
  code_abbr={SMMD-GAN},
  description={A gradient penalty method  for regularizing MMD-GANs with state-of-the-art performance.},
  bibtex_show={true},
  author  = {Arbel, Michael* and Sutherland, Danica J.* and Bińkowski, Mikołaj and Gretton, Arthur},
  title   = {On gradient regularizers for MMD-GANs},
  journal = {Advances in Neural Information Processing Systems},
  year    = {2018},
  arxiv={1805.11565},
  code={https://github.com/MichaelArbel/Scaled-MMD-GAN},
  poster={poster_SMMD_GAN.pdf},
  img={SMMD.png},
      }

@article{Arbel:2019,
  is_code={True},
  abbr={NeurIPS},
  tag={Optimization},
  selected={true},
  code_abbr={MMD-flow},
  description={An algorithm based on Noise Injection to optimize the  corresponding paper.        },
  bibtex_show={true},
  author  = {Arbel, Michael and  Korba, Anna and Salim, Adil and Gretton, Arthur },
  title   = {Maximum Mean Discrepancy Gradient Flow},
  journal = {Advances in Neural Information Processing Systems},
  year    = {2019},
  arxiv={1906.04370},
  code={https://github.com/MichaelArbel/MMD-gradient-flow},
  poster={poster_MMD_flow.pdf},
  img={MMD-flow.png},
  }

@article{Arbel:2020,
  is_code={True},
  abbr={ICLR},
  tag={Optimization},
  selected={true},
  code_abbr={KWNG},
  description={An efficient and scalable algorithm for estimating the Wasserstein natural gradient.},
  bibtex_show={true},
  author  = {Arbel, Michael and  Gretton, Arthur and   Li, Wuchen and Montufar, Guido },
  title   = {Kernelized Wasserstein Natural Gradient},
  journal = {International Conference on Learning Representations },
  year    = {2020},
  arxiv={1910.09652},
  code={https://github.com/MichaelArbel/KWNG},
  slides={slides_KWNG.pdf},
  img={KWNG.png},
      }

@article{Tolga:2020,
  is_code={True},
  abbr={CVPR},
  tag={Optimization},
  code_abbr={OT-sync},
  description={A simple algorithm based on optimal transport for synchronizing rotations.},
  bibtex_show={true},
  author  = { Birdal, Tolga and  Arbel, Michael and Simsekli, Umut and Guibas, Leonidas },
  title   = {Synchronizing Probability Measures on Rotations via Optimal Transport},
  journal = {Proceedings of the IEEE/CVF Conference on Computer Vision and Pattern Recognition},
  year    = {2020},
  arxiv={2004.00663},
  code={https://github.com/MichaelArbel/OT-sync},
  website={https://synchinvision.github.io/probsync/},
  img={OT_sync.png},
      }

@article{Moskovitz2021,
  is_code={True},
  abbr={ICLR},
  code_abbr={WNPG},
  tag={Reinforcement Learning},
  description={An efficient algorithm to incorporate behavioral geometry for policy gradient in RL.},
  bibtex_show={true},
  title={Efficient wasserstein natural gradients for reinforcement learning},
  author={Moskovitz, Ted* and Arbel, Michael* and Huszar, Ferenc and Gretton, Arthur},
  journal={International Conference on Learning Representations},
  year={2021},
  arxiv={2010.05380},
  code={https://github.com/tedmoskovitz/WNPG},
  poster={poster_WNPG.pdf},
  slides={talk_WNPG.pdf},
  img={WNG_RL.png},
  }


@article{Thiry2021,
  is_code={True},
  abbr={ICLR},
  tag={Kernel Methods},
  code_abbr={Patches},
  description={Code to reproduce the experiments of the paper.},
  bibtex_show={true},
    title={Patches in Deep Convolutional Kernels Methods},
    author={Thiry, Louis and Arbel, Michael and Belilovsky, Eugene and Oyallon, Edouard},
    journal={International Conference on Learning Representations},
    year={2021},
    arxiv={2101.07528},
    code={https://github.com/louity/patches},
    poster={poster_patches.pdf},
    slides={talk_patches.pdf},
    img={Patches.png},
  }

@article{Arbel2021,
  is_code={True},
  selected={true},
  abbr={ICLR},
  tag={Generative Modeling},
  code_abbr={GEBM},
  description={A model combining implicit and explit modeling for learning distributions with small intrinsic dimension.},
  bibtex_show={true},
  title={Generalized energy based models},
  author={Arbel, Michael and Zhou, Liang and Gretton, Arthur},
  journal={International Conference on Learning Representations},
  year={2021},
  arxiv={2111.02994},
  code={https://github.com/MichaelArbel/GeneralizedEBM},
  poster={poster_GEBM.pdf},
  slides={talk_GEBM.pdf},
  img={GEBM.png},
}


@article{Arbel2021a,
  is_code={True},
  abbr={ICML},
  selected={true},
  tag={High Dimensioncal Sampling},
  code_abbr={AFT},
  description={A sampling algorithm combining Sequential Monte Carlo and Normalizing Flows.},
  bibtex_show={true},
  title={Annealed Flow Transport Monte Carlo},
  author={Arbel, Michael* and Matthews, Alexander GDG* and Doucet, Arnaud},
  journal={Proceedings of Machine Learning Research},
  year={2021},
  arxiv={2102.07501},
  code={https://github.com/deepmind/annealed_flow_transport},
  poster={poster_AFT.pdf},
  slides={talk_AFT.pdf},
  img={AFT.png},
    }

@article{Moskovitz2021a,
  is_code={True},
  abbr={NeurIPS},
  code_abbr={TOP},
  tag={Reinforcement Learning},
  description={A simple algorithm for dynamically trading-off between optimism and pessimism in RL.},
  bibtex_show={true},
  title={Tactical Optimism and Pessimism for Deep Reinforcement Learning},
  author={Moskovitz, Ted and Parker-Holder, Jack and Pacchiano, Aldo and Arbel, Michael and Jordan, Michael I},
  journal={Advances in Neural Information Processing Systems},
  year={2021},
  arxiv={2102.03765},
  code={https://github.com/tedmoskovitz/TOP},
  img={top.png},
}



