@inproceedings{arbel2018kernel,
  title={Kernel conditional exponential family},
  author={Arbel, Michael and Gretton, Arthur},
  booktitle={International Conference on Artificial Intelligence and Statistics (AISTATS) 2018},
  year={2018}
}

@inproceedings{binkowski2018demystifying,
  title={Demystifying mmd gans},
  author={Bi{\'n}kowski, Miko{\l}aj and Sutherland, Dougal J and Arbel, Michael and Gretton, Arthur},
  booktitle={International Conference on Learning Representations (ICLR) 2018},
  year={2018}
}

@article{arbel2018gradient,
  title={On gradient regularizers for MMD GANs},
  author={Arbel, Michael and Sutherland, Danica J and Bi{\'n}kowski, Miko{\l}aj and Gretton, Arthur},
  journal={Advances in Neural Information Processing Systems (NeurIPS) 2018},
  year={2018}
}

@article{arbel2019maximum,
  title={Maximum mean discrepancy gradient flow},
  author={Arbel, Michael and Korba, Anna and Salim, Adil and Gretton, Arthur},
  journal={Advances in Neural Information Processing Systems (NeurIPS) 2019},
  year={2019}
}

@inproceedings{sutherland2018efficient,
  title={Efficient and principled score estimation with Nystr$\backslash$" om kernel exponential families},
  author={Sutherland, Dougal J and Strathmann, Heiko and Arbel, Michael and Gretton, Arthur},
  booktitle={International Conference on Artificial Intelligence and Statistics (AISTATS) 2018},
  year={2018},
  organization={PMLR}
}

@inproceedings{arbel2021generalized,
  title={Generalized Energy Based Models},
  author={Arbel, Michael and Zhou, Liang and Gretton, Arthur},
  booktitle={International Conference on Learning Representations (ICLR) 2021},
  year={2021}
}

@inproceedings{birdal2020synchronizing,
  title={Synchronizing probability measures on rotations via optimal transport},
  author={Birdal, Tolga and Arbel, Michael and Simsekli, Umut and Guibas, Leonidas J},
  booktitle={IEEE Conference on Computer Vision and Pattern Recognition (CVPR) 2020},
  pages={1569--1579},
  year={2020}
}

@article{korba2020non,
  title={A non-asymptotic analysis for Stein variational gradient descent},
  author={Korba, Anna and Salim, Adil and Arbel, Michael and Luise, Giulia and Gretton, Arthur},
  journal={Advances in Neural Information Processing Systems (NeurIPS) 2020},
  volume={33},
  year={2020}
}

@article{cohen2020estimating,
  title={Estimating barycenters of measures in high dimensions},
  author={Cohen, Samuel and Arbel, Michael and Deisenroth, Marc Peter},
  journal={arXiv preprint arXiv:2007.07105},
  year={2020}
}

@inproceedings{arbel2020kernelized,
  title={Kernelized Wasserstein Natural Gradient},
  author={Arbel, Michael and Gretton, Arthur and Li, Wuchen and Mont{\'u}far, Guido},
  booktitle={International Conference on Learning Representations (ICLR) 2020},
  year={2020}
}

@inproceedings{moskovitz2021efficient,
  title={Efficient wasserstein natural gradients for reinforcement learning},
  author={Moskovitz, Ted and Arbel, Michael and Huszar, Ferenc and Gretton, Arthur},
  booktitle={International Conference on Learning Representations (ICLR) 2021},
  year={2021}
}

@inproceedings{thiry2021unreasonable,
  title={The Unreasonable Effectiveness of Patches in Deep Convolutional Kernels Methods},
  author={Thiry, Louis and Arbel, Michael and Belilovsky, Eugene and Oyallon, Edouard},
  booktitle={International Conference on Learning Representations (ICLR) 2021},
  year={2021}
}

@inproceedings{arbel2021annealed,
  title={Annealed Flow Transport Monte Carlo},
  author={Arbel, Michael and Matthews, Alexander GDG and Doucet, Arnaud},
  booktitle={International Conference on Machine Learning (ICML) 2021},
  year={2021}
}

@phdthesis{arbel2021methods,
  title={Methods for optimization and regularization of Generative Models},
  author={Arbel, Michael},
  year={2021},
  school={UCL (University College London)}
}

@article{glaser2021kale,
  title={KALE Flow: A Relaxed KL Gradient Flow for Probabilities with Disjoint Support},
  author={Glaser, Pierre and Arbel, Michael and Gretton, Arthur},
  journal={Advances in Neural Information Processing Systems (NeurIPS) 2021},
  year={2021}
}

@article{moskovitz2021tactical,
  title={Tactical Optimism and Pessimism for Deep Reinforcement Learning},
  author={Moskovitz, Ted and Parker-Holder, Jack and Pacchiano, Aldo and Arbel, Michael and Jordan, Michael I.},
  journal={Advances in Neural Information Processing Systems  (NeurIPS) 2021},
  year={2021}
}

@inproceedings{moskovitz2022towards,
  title={Towards an Understanding of Default Policies in Multitask Policy Optimization},
  author={Moskovitz, Ted and Arbel, Michael and Parker-Holder, Jack and Pacchiano, Aldo},
  booktitle={International Conference on Artificial Intelligence and Statistics (AISTATS) 2022},
  year={2022}
}

@inproceedings{arbel2022amortized,
  title={Amortized implicit differentiation for stochastic bilevel optimization},
  author={Arbel, Michael and Mairal, Julien},
  booktitle={International Conference on Learning Representations (ICLR) 2022},
  year={2022}
}

@inproceedings{matthews2022continual,
  title={Continual repeated annealed flow transport Monte Carlo},
  author={Matthews, Alex and Arbel, Michael and Rezende, Danilo Jimenez and Doucet, Arnaud},
  booktitle={International Conference on Machine Learning},
  pages={15196--15219},
  year={2022},
  organization={PMLR}
}

@article{arbel2022non,
  title={Non-Convex Bilevel Games with Critical Point Selection Maps},
  author={Arbel, Michael and Mairal, Julien},
  journal={Advances in Neural Information Processing Systems (NeurIPS) 2022},
  year={2022}
}

@inproceedings{eitan2022fair,
  title={Fair synthetic data does not necessarily lead to fair models},
  author={Eitan, Yam and Cavaglione, Nathan and Arbel, Michael and Cohen, Samuel},
  booktitle={NeurIPS 2022 Workshop on Synthetic Data for Empowering ML Research},
  year={2022}
}

@inproceedings{arbel2023rethinking,
  title={Rethinking Gauss-Newton for learning over-parameterized models},
  author={Arbel, Michael and Menegaux, Romain and Wolinski, Pierre},
  booktitle={Advances in Neural Information Processing Systems (NeurIPS) 2023},
  year={2023}
}

@inproceedings{marrie2023slack,
  title={SLACK: Stable Learning of Augmentations with Cold-start and KL regularization},
  author={Marrie, Juliette and Arbel, Michael and Larlus, Diane and Mairal, Julien},
  booktitle={Proceedings of the IEEE/CVF Conference on Computer Vision and Pattern Recognition},
  pages={24306--24314},
  year={2023}
}

@article{marriesupplementary,
  title={Supplementary Material for “SLACK: Stable Learning of Augmentations with Cold-start and KL regularization”},
  author={Marrie, Juliette and Arbel, Michael and Larlus, Diane and Mairal, Julien}
}

@inproceedings{pitas2023improving,
  title={Improving Deep Ensembles without Communication},
  author={Pitas, Konstantinos and Arbel, Michael and Arbel, Julyan},
  booktitle={Workshop on Advancing Neural Network Training (WANT@ NeurIPS 2023)},
  year={2023}
}

@article{glaser2022maximum,
  title={Maximum Likelihood Learning of Unnormalized Models for Simulation-Based Inference},
  author={Glaser, Pierre and Arbel, Michael and Hromadka, Samo and Doucet, Arnaud and Gretton, Arthur},
  journal={arXiv preprint arXiv:2210.14756},
  year={2022}
}

@article{petrulionyte2024functional,
  title={Functional Bilevel Optimization for Machine Learning},
  author={Petrulionyte, Ieva and Mairal, Julien and Arbel, Michael},
  journal={Advances in Neural Information Processing Systems (NeurIPS) 2024},
  year={2024}
}

@article{marrie2024good,
  title={On Good Practices for Task-Specific Distillation of Large Pretrained Visual Models},
  author={Marrie, Juliette and Arbel, Michael and Mairal, Julien and Larlus, Diane},
  journal={Transactions on Machine Learning Research Journal},
  year={2024}
}

@inproceedings{arbel2024mlxp,
  title={MLXP: A framework for conducting replicable experiments in Python},
  author={Arbel, Michael and Zouaoui, Alexander},
  booktitle={Proceedings of the 2nd ACM Conference on Reproducibility and Replicability},
  pages={134--144},
  year={2024}
}

@article{marrie2024ludvig,
  title={LUDVIG: Learning-free uplifting of 2d visual features to Gaussian splatting scenes},
  author={Marrie, Juliette and M{\'e}n{\'e}gaux, Romain and Arbel, Michael and Larlus, Diane and Mairal, Julien},
  journal={arXiv preprint arXiv:2410.14462},
  year={2024}
}

@misc{marrie2024data,
  title={DATA AUGMENTATION FOR TRAINING NEURAL NETWORKS},
  author={Marrie, Juliette and Arbel, Michael and Mairal, Julien and Larlus, Diane},
  year={2024},
  month=nov # "~28",
  note={US Patent App. 18/634,466}
}

@article{arbel2025equitabpfn,
  title={EquiTabPFN: A Target-Permutation Equivariant Prior Fitted Networks},
  author={Arbel, Michael and Salinas, David and Hutter, Frank},
  journal={arXiv preprint arXiv:2502.06684},
  year={2025}
}

@article{khoury2025learning,
  title={Learning Theory for Kernel Bilevel Optimization},
  author={Khoury, Fares El and Pauwels, Edouard and Vaiter, Samuel and Arbel, Michael},
  journal={arXiv preprint arXiv:2502.08457},
  year={2025}
}