@article{IST:2021,
    abbr={AFT},
    is_talk={True},
    month={11},
    year = {2021},
    quality={Remote talk},
    organism={Instituto Superior Técnico},
    organism_site={https://mpml.tecnico.ulisboa.pt/seminars},
    location={Lisbon, Portugal},
    title  = {Annealed Flow Transport},
    slides={talk_AFT_long.pdf},
    arxiv={2102.07501},
    }

@article{MAS:2021,
    abbr={AFT},
    is_talk={True},
    month={08},
    year = {2021},
    quality={Remote talk},
    organism={Les Journées MAS, Institut Denis Poisson},
    organism_site={https://mas2020.sciencesconf.org},
    location={ Orléans-Tours, France},
    title  = {Annealed Flow Transport},
    slides={talk_AFT_long.pdf},
    arxiv={2102.07501},
    }


@article{ICML:2021,
    abbr={AFT},
    is_talk={True},
    month={07},
    year = {2021},
    quality={Remote talk},
    organism={ICML 2021},
    organism_site={https://icml.cc/Conferences/2021},
    location={Online},
    title  = {Annealed Flow Transport},
    slides={talk_AFT_long.pdf},
    arxiv={2102.07501},
    }

@article{Cambridge:2021,
    abbr={GEBM},
    is_talk={True},
    month={06},
    year = {2020},
    quality={Remote talk},
    organism={ Department of Computer Science and Technology at the University of Cambridge },
    organism_site={https://www.stats.ox.ac.uk/},
    location={Cambridge, UK},
    title   = {Generalized Energy Based Models},
    slides={talk_GEBM_long.pdf},
    arxiv={2003.05033},
    }

@article{THOTH:2021,
    abbr={KWNG},
    is_talk={True},
    month={04},
    year = {2021},
    quality={Invited speaker},
    organism={THOTH team of INRIA Grenoble-Alpes},
    organism_site={https://team.inria.fr/thoth/seminars/},
    location={Grenoble, France},
    title   = {Kernelized Wasserstein Natural Gradient},
    slides={talk_KWNG.pdf},
    arxiv={1910.09652},
    }





@article{Turing:2021,
    abbr={MMD-flow},
    is_talk={True},
    month={06},
    year = {2020},
    quality={Remote talk},
    organism={ The Alan Turing Institute},
    organism_site={https://www.turing.ac.uk/},
    location={London, UK},
    title   = {Maximum Mean Discrepancy Gradient flow},
    slides={talk_MMD_flow.pdf},
    arxiv={1906.04370},
    }

@article{UCLA:2021,
    abbr={KWNG},
    is_talk={True},
    month={05},
    year = {2020},
    quality={Remote talk},
    organism={UCLA Department of Mathematics},
    organism_site={https://ww3.math.ucla.edu/},
    location={Los Angeles, USA},
    title   = {Kernelized Wasserstein Natural Gradient},
    slides={talk_KWNG.pdf},
    arxiv={1910.09652},
    }

@article{MPI:2021,
    abbr={KWNG},
    is_talk={True},
    month={04},
    year = {2020},
    quality={Remote talk},
    organism={Max Planck Institute for Mathematics in the Sciences},
    organism_site={https://www.mis.mpg.de/},
    location={Leipzig, Germany},
    title   = {Kernelized Wasserstein Natural Gradient},
    slides={talk_KWNG.pdf},
    arxiv={1910.09652},
    }

@article{EURECOM:2021,
    abbr={KWNG},
    is_talk={True},
    month={02},
    year = {2020},
    quality={Invited speaker},
    organism={Max Planck Institute for Mathematics in the Sciences},
    organism_site={https://www.mis.mpg.de/},
    location={Sophia Antipolis, France},
    title   = {Kernelized Wasserstein Natural Gradient},
    slides={talk_KWNG.pdf},
    arxiv={1910.09652},
    }


@article{Oxford:2021,
    abbr={KWNG},
    is_talk={True},
    month={02},
    year = {2020},
    quality={Invited speaker},
    organism={ Department of Statistics at the University of Oxford },
    organism_site={https://www.stats.ox.ac.uk/},
    location={Oxford, UK},
    title   = {Kernelized Wasserstein Natural Gradient},
    slides={talk_KWNG.pdf},
    arxiv={1910.09652},
    }

@article{Turing:2021,
    abbr={KWNG},
    is_talk={True},
    date={01-11-2019},
    month={11},
    year = {2019},
    quality={Invited speaker},
    organism={The Alan Turing Institute },
    organism_site={https://www.stats.ox.ac.uk/},
    location={London, UK},
    title   = {Kernelized Wasserstein Natural Gradient},
    slides={talk_KWNG.pdf},
    arxiv={1910.09652},
    }

@article{Amazon:2021,
    abbr={MMD-flow},
    is_talk={True},
    month={09},
    year = {2019},
    quality={Invited speaker},
    organism={ Amazon Research Days },
    organism_site={https://www.amazon.science/},
    location={Berlin, Germany},
    title   = {Maximum Mean Discrepancy Gradient flow},
    slides={talk_MMD_flow.pdf},
    arxiv={1906.04370},
    }


@article{Gatsby:2021,
    abbr={MMD-flow},
    is_talk={True},
    month={09},
    year = {2020},
    quality={Invited speaker},
    organism={ Workshop on Recent developments in kernel methods, University College London },
    organism_site={https://www.amazon.science/},
    location={London, UK},
    title   = {Maximum Mean Discrepancy Gradient flow},
    slides={talk_MMD_flow.pdf},
    arxiv={1906.04370},
    }


@article{MPI:2018,
    abbr={MMD-GAN},
    is_talk={True},
    month={03},
    year = {2019},
    quality={Invited speaker},
    organism={ Max Planck Institute for Mathematics in the Sciences },
    organism_site={https://www.mis.mpg.de/calendar/conferences/2019/kickoff/program.html},
    location={Leipzig, Germany},
    title   = {On Gradient Regularizers for MMD-GANs},
    slides={talk_SMMD_GAN.pdf},
    arxiv={1805.11565},
    }


@article{Cambridge:2018,
    abbr={MMD-GAN},
    is_talk={True},
    month={11},
    year = {2018},
    quality={Invited speaker},
    organism={ Cambridge-Tübingen workshop  },
    organism_site={https://camtue-meeting.github.io},
    location={Tenerife, Spain},
    title   = {On Gradient Regularizers for MMD-GANs},
    slides={talk_SMMD_GAN.pdf},
    arxiv={1805.11565},
    }

@article{Reading:2018,
    abbr={MMD-GAN},
    is_talk={True},
    month={11},
    year = {2018},
    quality={Invited speaker},
    organism={ University of Reading},
    organism_site={https://gdg.community.dev/gdg-reading-thames-valley/},
    location={Reading, UK},
    title   = {On Gradient Regularizers for MMD-GANs},
    slides={talk_SMMD_GAN.pdf},
    arxiv={1805.11565},
    }
